<?xml version="1.0" encoding="UTF-8"?>
<marc:collection xmlns="http://www.loc.gov/MARC21/slim" xmlns:marc="http://www.loc.gov/MARC21/slim" xmlns:xsi="http://www.w3.org/2001/XMLSchema-instance" xsi:schemaLocation="http://www.loc.gov/standards/marcxml/schema/MARC21slim.xsd">
  <record>
    <leader>00000npc a2200000 u 4500</leader>
    <datafield ind1=" " ind2=" " tag="040">
      <subfield code="a">DWP</subfield>
      <subfield code="c">DWP</subfield>
      <subfield code="e">dacs</subfield>
    </datafield>
    <datafield ind1="0" ind2="0" tag="245">
      <subfield code="a">D.C. Statehood Movement Leaders Oral History Project</subfield>
    </datafield>
    <datafield ind1=" " ind2="7" tag="650">
      <subfield code="a">Oral History</subfield>
      <subfield code="2">Library of Congress Subject Headings</subfield>
    </datafield>
    <datafield ind1=" " ind2=" " tag="300">
      <subfield code="a">2 Linear feet</subfield>
    </datafield>
    <datafield ind1=" " ind2=" " tag="099">
      <subfield code="a">OHP020</subfield>
    </datafield>
    <datafield ind1="8" ind2=" " tag="555">
      <subfield code="a">Finding aid online:</subfield>
    </datafield>
    <datafield ind1="4" ind2="2" tag="856">
      <subfield code="z">Finding aid online:</subfield>
    </datafield>
    <datafield ind1="2" ind2=" " tag="520">
      <subfield code="a">Between 1997 and 1999 the D.C. Public Library and Councilmember Hilda Mason's office jointly sponsored a program to conduct oral histories of D.C. Statehood movement leaders. The project was funded by a grant from the D.C. Humanities Council and documents the experiences of 10 important Statehood movement leaders. The interviews cover such topics as memories of activist Julius Hobson, the early founding of the Statehood Party, local politics and referendums, constitutional convention, and the defeat of the statehood legislation. After the completion of the project the Library held  a Statehood Forum at the Library and an audio recording of that event is also included with this collection.</subfield>
    </datafield>
    <datafield ind1="1" ind2=" " tag="545">
      <subfield code="a">The D.C. Public Library was founded in 1896 by an act of Congress “to furnish books and other printed matter and information service convenient to the homes and offices of all residents of the District.</subfield>
    </datafield>
    <datafield ind1=" " ind2=" " tag="540">
      <subfield code="a">The Library holds copyright for items in this collection with a signed release. There are no restrictions on the use of these collection materials. Reproduction of an oral history without a signed release is not permitted.</subfield>
    </datafield>
  </record>
</marc:collection>

